<?xml version="1.0" encoding="UTF-8"?>
<record xmlns="http://www.loc.gov/MARC21/slim" xmlns:xsi="http://www.w3.org/2001/XMLSchema-instance" xsi:schemaLocation="http://www.loc.gov/MARC21/slim http://www.loc.gov/standards/marcxml/schema/MARC21slim.xsd">
<leader>     cam a2200277 a 4500</leader>
<controlfield tag="001">001682165</controlfield>
<controlfield tag="003">NNU</controlfield>
<controlfield tag="005">20001218235917.0</controlfield>
<controlfield tag="008">931027s1908    ua            000 0cara d</controlfield>
<datafield tag="010" ind1=" " ind2=" ">
<subfield code="a">ne 65000378</subfield>
</datafield>
<datafield tag="035" ind1="9" ind2=" ">
<subfield code="a">NYUb12225575</subfield>
</datafield>
<datafield tag="035" ind1=" " ind2=" ">
<subfield code="a">(HOL)ARK5031-8/wid/1</subfield>
</datafield>
<datafield tag="035" ind1=" " ind2=" ">
<subfield code="a">(CStRLIN)MAHN93-B1479</subfield>
</datafield>
<datafield tag="040" ind1=" " ind2=" ">
<subfield code="a">PU</subfield>
<subfield code="c">PSt</subfield>
<subfield code="d">MH</subfield>
</datafield>
<datafield tag="050" ind1="0" ind2="0">
<subfield code="a">R128.3</subfield>
<subfield code="b">.A6</subfield>
</datafield>
<datafield tag="100" ind1="1" ind2=" ">
<subfield code="a">Qifṭī, ʻAlī ibn Yūsuf,</subfield>
<subfield code="d">1172 or 3-1248.</subfield>
</datafield>
<datafield tag="240" ind1="1" ind2="0">
<subfield code="a">Ikhbār al-ʻulamāʼ bi-akhbār al-ḥukamāʼ</subfield>
</datafield>
<datafield tag="245" ind1="1" ind2="0">
<subfield code="a">Kitāb Ikhbār al-ʻulamāʼ bi-akhbār al-ḥukamāʼ /</subfield>
<subfield code="c">Jamāl al-Dīn Abī al-Ḥasan ʻAlī ibn al-Qāḍī al-Ashraf Yūsuf al-Qifṭī ; ʻuniya bi-taṣḥīḥihi Muḥammad Amīn al-Khānjī.</subfield>
</datafield>
<datafield tag="250" ind1=" " ind2=" ">
<subfield code="a">al-Ṭabʻah 1.</subfield>
</datafield>
<datafield tag="260" ind1=" " ind2=" ">
<subfield code="a">Miṣr :</subfield>
<subfield code="b">Maṭbaʻat al-Saʻādah,</subfield>
<subfield code="c">1326 [1908]</subfield>
</datafield>
<datafield tag="300" ind1=" " ind2=" ">
<subfield code="a">288 p. ;</subfield>
<subfield code="c">24 cm.</subfield>
</datafield>
<datafield tag="650" ind1=" " ind2="0">
<subfield code="a">Medicine</subfield>
<subfield code="v">Bio-bibliography</subfield>
<subfield code="v">Early works to 1800.</subfield>
</datafield>
<datafield tag="650" ind1=" " ind2="0">
<subfield code="a">Medicine, Arab</subfield>
<subfield code="v">Bio-bibliography</subfield>
<subfield code="v">Early works to 1800.</subfield>
</datafield>
<datafield tag="700" ind1="1" ind2=" ">
<subfield code="a">Khānjī, Muḥammad Amīn,</subfield>
<subfield code="d">1865 or 6-1939 or 40.</subfield>
</datafield>
<datafield tag="OWN" ind1=" " ind2=" ">
<subfield code="a">GENERAL</subfield>
</datafield>
<datafield tag="950" ind1=" " ind2=" ">
<subfield code="l">BMAIN</subfield>
<subfield code="a">R128.3</subfield>
<subfield code="b">.A6</subfield>
</datafield>
<datafield tag="955" ind1=" " ind2=" ">
<subfield code="l">BMAIN</subfield>
<subfield code="c">1</subfield>
<subfield code="r">010273053</subfield>
</datafield>
<datafield tag="998" ind1=" " ind2=" ">
<subfield code="s">9115</subfield>
</datafield>
<datafield tag="AVA" ind1=" " ind2=" ">
<subfield code="a">NYU50</subfield>
<subfield code="b">BOBST</subfield>
<subfield code="c">Main Collection</subfield>
<subfield code="d">R128.3 .A6</subfield>
<subfield code="e">unavailable</subfield>
<subfield code="t">Unavailable</subfield>
<subfield code="f">1</subfield>
<subfield code="g">1</subfield>
<subfield code="h">N</subfield>
<subfield code="i">0</subfield>
<subfield code="j">MAIN</subfield>
<subfield code="k">0</subfield>
</datafield>
</record>
